<record><leader>00000cas a22000007a 4500</leader><controlfield tag="001">20764923</controlfield><controlfield tag="008">891211d19631964ohuwr ne      0    0eng d</controlfield><datafield ind1=" " ind2=" " tag="010"><subfield code="a">sn 89075207 </subfield></datafield><datafield ind1=" " ind2=" " tag="040"><subfield code="a">ONP</subfield><subfield code="b">eng</subfield><subfield code="c">ONP</subfield><subfield code="d">OCLCQ</subfield></datafield><datafield ind1=" " ind2=" " tag="042"><subfield code="a">msc</subfield></datafield><datafield ind1="0" ind2=" " tag="130"><subfield code="a">Sylvania sentinel (Sylvania, Ohio : 1963)</subfield></datafield><datafield ind1="1" ind2="4" tag="245"><subfield code="a">The Sylvania sentinel.</subfield></datafield><datafield ind1=" " ind2=" " tag="260"><subfield code="a">Sylvania, Ohio :</subfield><subfield code="b">[s.n.],</subfield><subfield code="c">1963-1964.</subfield></datafield><datafield ind1=" " ind2=" " tag="300"><subfield code="a">v.</subfield></datafield><datafield ind1=" " ind2=" " tag="310"><subfield code="a">Weekly</subfield></datafield><datafield ind1="0" ind2=" " tag="362"><subfield code="a">Vol. 56, no. 7 (Sept. 12, 1963)-v. 57, no. 16 (Oct. 28, 1964).</subfield></datafield><datafield ind1=" " ind2=" " tag="752"><subfield code="a">United States</subfield><subfield code="b">Ohio</subfield><subfield code="c">Lucas</subfield><subfield code="d">Sylvania.</subfield></datafield><datafield ind1="0" ind2="0" tag="780"><subfield code="t">Sentinel herald (Sylvania, Ohio)</subfield><subfield code="w">(DLC)sn 89075201</subfield></datafield><datafield ind1="0" ind2="0" tag="785"><subfield code="t">Sylvania suburban sentinel</subfield><subfield code="w">(DLC)sn 89075203</subfield></datafield></record>